@book{devopshandbook,
  author = {Kim, Gene},
  isbn = {9781942788003},
  publisher = {It Revolution Press},
  title = {The DevOPS Handbook - How to Create World-Class Agility, Reliability, and Security in Technology Organizations},
  year = 2016
}

@online{repo:monitoring-kubernetes,
  title = {Kubernetes specs for ITU-MiniTwit monitoring},
  author = {{Group R}},
  url = {https://github.com/Devops-2022-Group-R/itu-minitwit/tree/master/.infrastructure/kubernetes/monitoring},
  note = "Accessed: May 17 2022",
  year = 2022,
  month = 4,
}

@online{repo:monitoring-config,
  title = {Configuration files for ITU-MiniTwit monitoring},
  author = {{Group R}},
  url = {https://github.com/Devops-2022-Group-R/itu-minitwit/tree/master/monitoring/grafana/provisioning},
  note = "Accessed: May 17 2022",
  year = 2022,
  month = 4,
}
